<record><leader>00000cas a2200000 a 4500</leader><controlfield tag="001">17390342</controlfield><controlfield tag="008">880125d188319uuwauwr ne      0    0eng d</controlfield><datafield ind1=" " ind2=" " tag="010"><subfield code="a">sn 88085401 </subfield></datafield><datafield ind1=" " ind2=" " tag="040"><subfield code="a">SLZ</subfield><subfield code="b">eng</subfield><subfield code="c">SLZ</subfield><subfield code="d">CNK</subfield><subfield code="d">OCL</subfield><subfield code="d">OCLCQ</subfield><subfield code="d">OCLCF</subfield><subfield code="d">OCLCO</subfield></datafield><datafield ind1="1" ind2=" " tag="029"><subfield code="a">AU@</subfield><subfield code="b">000025816199</subfield></datafield><datafield ind1=" " ind2=" " tag="042"><subfield code="a">msc</subfield></datafield><datafield ind1=" " ind2=" " tag="043"><subfield code="a">n-us-wa</subfield></datafield><datafield ind1="0" ind2="0" tag="245"><subfield code="a">Waitsburg times.</subfield></datafield><datafield ind1=" " ind2=" " tag="260"><subfield code="a">Waitsburg, W.T. [Wash.] :</subfield><subfield code="b">C.W. Wheeler</subfield></datafield><datafield ind1=" " ind2=" " tag="300"><subfield code="a">v.</subfield></datafield><datafield ind1=" " ind2=" " tag="310"><subfield code="a">Weekly</subfield></datafield><datafield ind1="0" ind2=" " tag="362"><subfield code="a">Vol. 6, no. 5 (Apr. 13, 1883)-</subfield></datafield><datafield ind1=" " ind2="0" tag="651"><subfield code="a">Waitsburg (Wash.)</subfield><subfield code="v">Newspapers.</subfield></datafield><datafield ind1=" " ind2="7" tag="655"><subfield code="a">Newspapers.</subfield><subfield code="2">fast</subfield><subfield code="0">(OCoLC)fst01423814</subfield></datafield><datafield ind1=" " ind2="7" tag="651"><subfield code="a">Washington (State)</subfield><subfield code="z">Waitsburg.</subfield><subfield code="2">fast</subfield><subfield code="0">(OCoLC)fst01232487</subfield></datafield><datafield ind1=" " ind2=" " tag="752"><subfield code="a">United States</subfield><subfield code="b">Washington</subfield><subfield code="c">Walla Walla</subfield><subfield code="d">Waitsburg.</subfield></datafield><datafield ind1="0" ind2="0" tag="780"><subfield code="t">Waitsburg weekly times</subfield><subfield code="w">(DLC)sn 88085400</subfield></datafield><datafield ind1="0" ind2="0" tag="785"><subfield code="t">Times (Waitsburg, Wash.)</subfield><subfield code="w">(DLC)sn 88085402</subfield></datafield></record>